@article{rutten2000universal,
  title={Universal coalgebra: a theory of systems},
  author={Rutten, Jan JMM},
  journal={Theoretical computer science},
  volume={249},
  number={1},
  pages={3--80},
  year={2000},
  publisher={Elsevier}
}

@inproceedings{bonsangue2008coalgebraic,
  title={Coalgebraic logic and synthesis of Mealy machines},
  author={Bonsangue, Marcello M and Rutten, Jan and Silva, Alexandra},
  booktitle={International Conference on Foundations of Software Science and Computational Structures},
  pages={231--245},
  year={2008},
  organization={Springer}
}


@book{jacobs2017introduction,
  title={Introduction to coalgebra},
  author={Jacobs, Bart},
  volume={59},
  year={2017},
  publisher={Cambridge University Press}
}
@article{kupke2011coalgebraic,
  title={Coalgebraic semantics of modal logics: An overview},
  author={Kupke, Clemens and Pattinson, Dirk},
  journal={Theoretical Computer Science},
  volume={412},
  number={38},
  pages={5070--5094},
  year={2011},
  publisher={Elsevier}
}

@inbook{pierce2002types,
  title={Types and Programming Languages},
  author={Pierce, Benjamin C.},
  chapter={23: Universal Types},
  publisher={MIT Press},
  year={2002},
  address={Cambridge, MA, USA}
}

@misc{nlabProbMonads,
  title = {Monads of Probability, measures, and valuations},
  note = {Revision 33},
  author = {nLab authors},
  year = 2023,
  month = dec,
  url = {https://ncatlab.org/nlab/show/monads+of+probability+measures+and+valuations}
}

@misc{khalniyazova_2024_10498991,
  author       = {Khalniyazova, Yulia and
                  Goes, Christopher},
  title        = {Anoma Resource Machine Specification},
  month        = jan,
  year         = 2024,
  publisher    = {Zenodo},
  version      = {1.0},
  doi          = {10.5281/zenodo.10498991},
  url          = {https://doi.org/10.5281/zenodo.10498991}
}

@misc{tagiew2009barter,
  title={Towards Barter Double Auction as Model for Bilateral Social Cooperations}, 
  author={Rustam Tagiew},
  year={2009},
  eprint={0905.3709},
  archivePrefix={arXiv},
  primaryClass={cs.GT}
}

@PHDThesis{pub:77183,
  title={Clearing Barter Exchange Markets: Kidney Exchange and Beyond},
  author={Glorie, Kristiaan},
  school={E},
  number={EPS-2014-329-LIS},
  year=2014,
  month=nov,
  url={http://hdl.handle.net/1765/77183}
}
